@article{recursion92,
author = {Bellantoni, Spephen and Cook, Stephen},
year = {1992},
month = {06},
pages = {97-110},
title = {A new recursion-theoretic characterization of polytime functions},
volume = {2},
journal = {Computational Complexity},
doi = {10.1007/BF01201998}
}

@inproceedings{formalization11,
 author = {Heraud, Sylvain and Nowak, David},
 title = {A Formalization of Polytime Functions},
 booktitle = {Proceedings of the Second International Conference on Interactive Theorem Proving},
 series = {ITP'11},
 year = {2011},
 isbn = {978-3-642-22862-9},
 location = {Berg en Dal, The Netherlands},
 pages = {119--134},
 numpages = {16},
 url = {http://dl.acm.org/citation.cfm?id=2033939.2033952},
 acmid = {2033952},
 publisher = {Springer-Verlag},
 address = {Berlin, Heidelberg},
 keywords = {cryptography, implicit computational complexity},
}

@article{quasi11,
  TITLE = {{Quasi-interpretations a way to control resources}},
  AUTHOR = {Bonfante, Guillaume and Marion, Jean-Yves and Moyen, Jean-Yves},
  URL = {https://hal.archives-ouvertes.fr/hal-00591862},
  JOURNAL = {{Theoretical Computer Science}},
  PUBLISHER = {{Elsevier}},
  VOLUME = {412},
  NUMBER = {25},
  PAGES = {2776-2796},
  YEAR = {2011},
  MONTH = May,
  DOI = {10.1016/j.tcs.2011.02.007},
  KEYWORDS = {Implicit complexity ; Quasi-interpretation ; Termination orderings},
  PDF = {https://hal.archives-ouvertes.fr/hal-00591862/file/tcs.pdf},
  HAL_ID = {hal-00591862},
  HAL_VERSION = {v1},
}

@inproceedings{formal18,
 author = {F{\'e}r{\'e}e, Hugo and Hym, Samuel and Mayero, Micaela and Moyen, Jean-Yves and Nowak, David},
 title = {Formal Proof of Polynomial-time Complexity with Quasi-interpretations},
 booktitle = {Proceedings of the 7th ACM SIGPLAN International Conference on Certified Programs and Proofs},
 series = {CPP 2018},
 year = {2018},
 isbn = {978-1-4503-5586-5},
 location = {Los Angeles, CA, USA},
 pages = {146--157},
 numpages = {12},
 url = {http://doi.acm.org/10.1145/3167097},
 doi = {10.1145/3167097},
 acmid = {3167097},
 publisher = {ACM},
 address = {New York, NY, USA},
 keywords = {Coq formal proof, implicit complexity, polynomial time},
}

@inproceedings{machine15,
  author = {Arthur Charguéraud and François Pottier},
  title = {Machine-Checked Verification of the Correctness and
                 Amortized Complexity of an Efficient Union-Find
                 Implementation},
  booktitle = {Conference on Interactive Theorem Proving (ITP)},
  month = aug,
  year = {2015},
  volume = {9236},
  series = {Lecture Notes in Computer Science},
  publisher = {Springer},
  pages = {137--153},
  url = {http://gallium.inria.fr/~fpottier/publis/chargueraud-pottier-uf.pdf},
  off = {http://dx.doi.org/10.1007/978-3-319-22102-1_9},
  soft = {http://gallium.inria.fr/~fpottier/dev/uf}
}
@article{timl17,
 author = {Wang, Peng and Wang, Di and Chlipala, Adam},
 title = {TiML: A Functional Language for Practical Complexity Analysis with Invariants},
 journal = {Proc. ACM Program. Lang.},
 issue_date = {October 2017},
 volume = {1},
 number = {OOPSLA},
 month = oct,
 year = {2017},
 issn = {2475-1421},
 pages = {79:1--79:26},
 articleno = {79},
 numpages = {26},
 url = {http://doi.acm.org/10.1145/3133903},
 doi = {10.1145/3133903},
 acmid = {3133903},
 publisher = {ACM},
 address = {New York, NY, USA},
 keywords = {asymptotic complexity, refinement types, resource-aware type systems},
}
@inproceedings{fcf15,
  author    = {Adam Petcher and
               Greg Morrisett},
  title     = {The Foundational Cryptography Framework},
  booktitle = {Principles of Security and Trust - 4th International Conference, {POST}
               2015, Held as Part of the European Joint Conferences on Theory and
               Practice of Software, {ETAPS} 2015, London, UK, April 11-18, 2015,
               Proceedings},
  pages     = {53--72},
  year      = {2015},
  crossref  = {DBLP:conf/post/2015},
  url       = {https://doi.org/10.1007/978-3-662-46666-7\_4},
  doi       = {10.1007/978-3-662-46666-7\_4},
  timestamp = {Wed, 24 May 2017 08:30:00 +0200},
  biburl    = {https://dblp.org/rec/bib/conf/post/PetcherM15},
  bibsource = {dblp computer science bibliography, https://dblp.org}
}